@book{bonbright1961principles,
  title={Principles of Public Utility Rates},
  author={Bonbright, James C},
  year={1961},
  publisher={Columbia University Press},
  address={New York}
}

@book{kahn1971economics,
  title={The Economics of Regulation: Principles and Institutions},
  author={Kahn, Alfred E},
  year={1971},
  publisher={John Wiley \& Sons},
  address={New York}
}

@techreport{lazar2020electric,
  title={Electric Utility Cost Allocation for a New Era: A Manual},
  author={Lazar, Jim and Gonzalez, Wilson},
  year={2020},
  institution={Regulatory Assistance Project},
  address={Montpelier, VT},
  url={https://www.raponline.org/knowledge-center/electric-utility-cost-allocation-for-a-new-era-a-manual/}
}

@article{simeone2023bill,
  title={The bill alignment test: Identifying trade-offs with residential rate design options},
  author={Simeone, Christina E and Gagnon, Pieter and Cappers, Peter and Satchwell, Andrew},
  journal={Utilities Policy},
  volume={82},
  pages={101539},
  year={2023},
  publisher={Elsevier},
  doi={10.1016/j.jup.2023.101539}
}

@book{joskow2007regulation,
  title={Regulation of Natural Monopoly},
  author={Joskow, Paul L},
  year={2007},
  publisher={MIT Press},
  address={Cambridge, MA}
}

@article{borenstein2005time,
  title={Time-varying retail electricity prices: Theory and practice},
  author={Borenstein, Severin},
  journal={Electricity Deregulation: Choices and Challenges},
  pages={317--357},
  year={2005},
  publisher={University of Chicago Press}
}

@article{joskow2019challenges,
  title={Challenges for wholesale electricity markets with intermittent renewable generation at scale: the US experience},
  author={Joskow, Paul L},
  journal={Oxford Review of Economic Policy},
  volume={35},
  number={2},
  pages={291--331},
  year={2019},
  publisher={Oxford University Press}
}

@manual{naruc1992electric,
  title={Electric Utility Cost Allocation Manual},
  author={{National Association of Regulatory Utility Commissioners}},
  year={1992},
  organization={National Association of Regulatory Utility Commissioners},
  address={Washington, DC}
}

@article{hledik2014role,
  title={The role of advanced metering infrastructure in the electricity sector},
  author={Hledik, Ryan},
  journal={The Electricity Journal},
  volume={27},
  number={6},
  pages={3--10},
  year={2014},
  publisher={Elsevier}
}

@article{faulhaber1975cross,
  title={Cross-subsidization: Pricing in public enterprises},
  author={Faulhaber, Gerald R},
  journal={The American Economic Review},
  volume={65},
  number={5},
  pages={966--977},
  year={1975},
  publisher={JSTOR}
}

@book{baumol1982contestable,
  title={Contestable Markets and the Theory of Industry Structure},
  author={Baumol, William J and Panzar, John C and Willig, Robert D},
  year={1982},
  publisher={Harcourt Brace Jovanovich},
  address={New York}
}

@article{zhu2018,
  title={Residential electricity demand response under block rate pricing},
  author={Zhu, Andrew Z},
  journal={Energy Journal},
  volume={39},
  number={4},
  pages={123--147},
  year={2018},
  publisher={International Association for Energy Economics}
}
